<record><leader>00000cas a2200000 a 4500</leader><controlfield tag="001">2258527</controlfield><controlfield tag="008">760620d18091816maucr ne      0   a0eng c</controlfield><datafield ind1=" " ind2=" " tag="010"><subfield code="a">sn 83020945 </subfield></datafield><datafield ind1=" " ind2=" " tag="040"><subfield code="a">PIT</subfield><subfield code="b">eng</subfield><subfield code="c">PIT</subfield><subfield code="d">NPX</subfield><subfield code="d">NYG</subfield><subfield code="d">NPA</subfield><subfield code="d">NPY</subfield><subfield code="d">NPU</subfield><subfield code="d">DLC</subfield><subfield code="d">PPM</subfield><subfield code="d">NJW</subfield><subfield code="d">NPH</subfield><subfield code="d">MGN</subfield><subfield code="d">KNP</subfield><subfield code="d">MGN</subfield><subfield code="d">HUL</subfield><subfield code="d">CNK</subfield><subfield code="d">MGN</subfield><subfield code="d">FUG</subfield><subfield code="d">NVF</subfield><subfield code="d">OCL</subfield><subfield code="d">NYS</subfield><subfield code="d">OCLCG</subfield><subfield code="d">KRTAS</subfield><subfield code="d">OCLCQ</subfield><subfield code="d">OCLCF</subfield><subfield code="d">OCLCO</subfield><subfield code="d">DLC</subfield></datafield><datafield ind1="0" ind2=" " tag="022"><subfield code="a">2575-0240</subfield><subfield code="2">1</subfield></datafield><datafield ind1=" " ind2=" " tag="042"><subfield code="a">pcc</subfield><subfield code="a">nsdp</subfield></datafield><datafield ind1=" " ind2=" " tag="043"><subfield code="a">n-us-ma</subfield></datafield><datafield ind1="0" ind2="0" tag="050"><subfield code="a">Newspaper 8234</subfield></datafield><datafield ind1="1" ind2="0" tag="082"><subfield code="a">071.3</subfield><subfield code="2">23</subfield></datafield><datafield ind1="0" ind2=" " tag="130"><subfield code="a">Boston patriot (Boston, Mass. : 1809)</subfield></datafield><datafield ind1=" " ind2="0" tag="222"><subfield code="a">Boston patriot</subfield></datafield><datafield ind1="1" ind2="0" tag="245"><subfield code="a">Boston patriot.</subfield></datafield><datafield ind1=" " ind2=" " tag="260"><subfield code="a">Boston [Mass.] :</subfield><subfield code="b">Everett &amp; Munroe,</subfield><subfield code="c">1809-1816.</subfield></datafield><datafield ind1=" " ind2=" " tag="300"><subfield code="a">v.</subfield></datafield><datafield ind1=" " ind2=" " tag="310"><subfield code="a">Semiweekly</subfield></datafield><datafield ind1=" " ind2=" " tag="336"><subfield code="a">text</subfield><subfield code="b">txt</subfield><subfield code="2">rdacontent</subfield></datafield><datafield ind1=" " ind2=" " tag="337"><subfield code="a">unmediated</subfield><subfield code="b">n</subfield><subfield code="2">rdamedia</subfield></datafield><datafield ind1=" " ind2=" " tag="338"><subfield code="a">volume</subfield><subfield code="b">nc</subfield><subfield code="2">rdacarrier</subfield></datafield><datafield ind1="0" ind2=" " tag="362"><subfield code="a">Vol. 1, no. 1 (Mar. 3, 1809)-v. 14, no. 52 (Mar. 6, 1816).</subfield></datafield><datafield ind1=" " ind2=" " tag="500"><subfield code="a">Publishers: Everett &amp; Munroe, 1809-Mar. 7, 1810; Isaac Munroe, Mar. 10, 1810-May 1, 1811; Munroe &amp; French, May 4, 1811-1813; D.C. Ballard, 1814-1816.</subfield></datafield><datafield ind1=" " ind2=" " tag="500"><subfield code="a">Prospectus issued Feb. 10, 1809.</subfield></datafield><datafield ind1=" " ind2=" " tag="500"><subfield code="a">Editor: David Everett, Mar. 10, 1810-Oct. 23, 1811.</subfield></datafield><datafield ind1="4" ind2=" " tag="510"><subfield code="a">Brigham, C.S. Amer. newspapers</subfield><subfield code="c">p. 332</subfield></datafield><datafield ind1=" " ind2=" " tag="515"><subfield code="a">Vol. 7, no. 1 (Mar. 14, 1812)-v. 114, no. 52 (Mar. 6, 1816) called also whole no. 326-741.</subfield></datafield><datafield ind1=" " ind2=" " tag="530"><subfield code="a">Also issued on microfilm from Readex Microprint Corp.</subfield></datafield><datafield ind1=" " ind2=" " tag="580"><subfield code="a">Weekly ed.: American Republican (Boston, Mass. : 1809).</subfield></datafield><datafield ind1=" " ind2="0" tag="651"><subfield code="a">Boston (Mass.)</subfield><subfield code="v">Newspapers.</subfield></datafield><datafield ind1=" " ind2="0" tag="651"><subfield code="a">Suffolk County (Mass.)</subfield><subfield code="v">Newspapers.</subfield></datafield><datafield ind1=" " ind2="7" tag="651"><subfield code="a">Massachusetts</subfield><subfield code="z">Boston.</subfield><subfield code="2">fast</subfield><subfield code="0">(OCoLC)fst01205012</subfield></datafield><datafield ind1=" " ind2="7" tag="651"><subfield code="a">Massachusetts</subfield><subfield code="z">Suffolk County.</subfield><subfield code="2">fast</subfield><subfield code="0">(OCoLC)fst01206189</subfield></datafield><datafield ind1=" " ind2="7" tag="655"><subfield code="a">Newspapers.</subfield><subfield code="2">fast</subfield><subfield code="0">(OCoLC)fst01423814</subfield></datafield><datafield ind1="1" ind2=" " tag="700"><subfield code="a">Everett, David,</subfield><subfield code="d">1770-1813.</subfield></datafield><datafield ind1=" " ind2=" " tag="752"><subfield code="a">United States</subfield><subfield code="b">Massachusetts</subfield><subfield code="c">Suffolk</subfield><subfield code="d">Boston.</subfield></datafield><datafield ind1="1" ind2=" " tag="775"><subfield code="t">American Republican (Boston, Mass. : 1809)</subfield><subfield code="w">(DLC)sn 83020946</subfield><subfield code="w">(OCoLC)9659059</subfield></datafield><datafield ind1="0" ind2="5" tag="780"><subfield code="t">Columbian detector</subfield><subfield code="x">2575-0232</subfield><subfield code="w">(DLC)sn 83020871</subfield><subfield code="w">(OCoLC)9607688</subfield></datafield><datafield ind1="0" ind2="0" tag="785"><subfield code="t">Boston patriot and morning advertiser</subfield><subfield code="x">2575-0259</subfield><subfield code="w">(DLC)sn 83020947</subfield><subfield code="w">(OCoLC)9659140</subfield></datafield><datafield ind1=" " ind2=" " tag="850"><subfield code="a">MH</subfield></datafield><datafield ind1=" " ind2=" " tag="938"><subfield code="a">Kirtas Technologies, Inc.</subfield><subfield code="b">KRTS</subfield><subfield code="n">734161</subfield></datafield><datafield ind1="1" ind2=" " tag="029"><subfield code="a">AU@</subfield><subfield code="b">000002887046</subfield></datafield></record>